@online{repo_template,
  author    = {Arash Abadpour},
  title     = {title, https://github.com/kamangir/<repo-name>},
  year      = {2023},
  urldate   = {Date Accessed (2023-11-02)}
}

@online{kamangir_openai,
  author    = {Arash Abadpour},
  title     = {experiments w/ the {OpenAI API}, https://github.com/kamangir/openai},
  year      = {2023},
  urldate   = {Date Accessed (2023-11-02)}
}

@online{vanwatch,
  author    = {Arash Abadpour},
  title     = {bird watching in downtown {V}ancouver with {AI}, https://github.com/kamangir/Vancouver-Watching},
  year      = {2023},
  urldate   = {Date Accessed (2023-11-02)}
}

